<?xml version="1.0" encoding="UTF-8"?><collection xmlns="http://www.loc.gov/MARC21/slim"><record><leader>00570nam--2200193-u-4500</leader><controlfield tag="001">000055995</controlfield><controlfield tag="002">20161230</controlfield><controlfield tag="005">20170220125935</controlfield><controlfield tag="008">141105s1000------------r-----000-0-eng-d</controlfield><datafield ind1=" " ind2=" " tag="020"><subfield code="a">9781461380122</subfield></datafield><datafield ind1=" " ind2=" " tag="040"><subfield code="a">IFIN-HH</subfield></datafield><datafield ind1=" " ind2=" " tag="080"><subfield code="a">621.039</subfield></datafield><datafield ind1="1" ind2=" " tag="100"><subfield code="a">Tirira, J</subfield></datafield><datafield ind1="1" ind2="0" tag="245"><subfield code="a">Forward Recoil Spectrometry</subfield><subfield code="b">Applications to hydrogen determination in solids</subfield><subfield code="c">Jorge Tirira, Yves Serruys, Patrick Trocellier</subfield></datafield><datafield ind1=" " ind2=" " tag="260"><subfield code="a">New York</subfield><subfield code="b">Plenum Press</subfield><subfield code="c">1996</subfield></datafield><datafield ind1=" " ind2=" " tag="300"><subfield code="a">XXI+440P</subfield></datafield><datafield ind1="1" ind2=" " tag="700"><subfield code="a">Trocellier, Patrick</subfield></datafield><datafield ind1=" " ind2=" " tag="852"><subfield code="a">82374</subfield><subfield code="c">621.039</subfield></datafield><datafield ind1=" " ind2=" " tag="CAT"><subfield code="a">SYS</subfield><subfield code="c">20170220</subfield><subfield code="h">125935</subfield></datafield></record></collection>